<?xml version="1.0" encoding="UTF-8"?><collection xmlns="http://www.loc.gov/MARC21/slim"><record><leader>00462nam--2200181-u-4500</leader><controlfield tag="001">000052093</controlfield><controlfield tag="002">20161230</controlfield><controlfield tag="005">20170102181144</controlfield><controlfield tag="008">090703s1000------------r-----000-0-eng-d</controlfield><datafield ind1=" " ind2=" " tag="040"><subfield code="a">IFIN-HH</subfield></datafield><datafield ind1=" " ind2=" " tag="080"><subfield code="a">539.1</subfield></datafield><datafield ind1="1" ind2=" " tag="100"><subfield code="a">Nikitin, V. A</subfield></datafield><datafield ind1="1" ind2=" " tag="245"><subfield code="a">Avtomatizatsiya Izmerenii i Ibrabotki Dannykh Fizicheskogo Eksperimenta</subfield></datafield><datafield ind1=" " ind2=" " tag="260"><subfield code="a">Moskva</subfield><subfield code="c">1986</subfield></datafield><datafield ind1=" " ind2=" " tag="300"><subfield code="a">184 p</subfield></datafield><datafield ind1=" " ind2=" " tag="700"><subfield code="a">Ososkov, G. A</subfield></datafield><datafield ind1=" " ind2=" " tag="852"><subfield code="a">73515</subfield><subfield code="c">518.12</subfield></datafield><datafield ind1=" " ind2=" " tag="CAT"><subfield code="a">SYS</subfield><subfield code="c">20170102</subfield><subfield code="h">181144</subfield></datafield></record></collection>